@article{johnson2005jdf,
  title={{J2EE Development Frameworks}},
  author={Rod Johnson},
  year={2005},
  month={January},
  publisher={IEEE Computer Society},
  journal = {Computer},
  volume = {38},
  number = {1},
}

@INPROCEEDINGS{Ceri00webmodeling,
    author = {Stefano Ceri and Piero Fraternali and Aldo Bongio},
    title = {Web modeling language ({WebML}): a modeling language for designing web sites},
    booktitle = {Proceedings of 9th International World Wide Web Conference},
    year = {2000},
    pages = {137--157},
    address = {Amsterdam},
}

@article{schwabe1995ooh,
  title={{The object-oriented hypermedia design model}},
  author={Schwabe, D. and Rossi, G.},
  journal={Communications of the ACM},
  volume={38},
  number={8},
  pages={45--46},
  year={1995},
  publisher={ACM New York, NY, USA}
}

@article{schwabe1998ooa,
  title={{An object oriented approach to web-based applications design}},
  author={Daniel Schwabe and Gustavo Ross},
  journal={Theory and Practice of Object Systems},
  volume={4},
  number={4},
  pages={207--225},
  year={1998}
}

@INPROCEEDINGS{acerbis2004wit,
  title={{WebRatio, an Innovative Technology for Web Application Development}},
  author={Roberto Acerbis and Aldo Bongio and Stefano Butti and Stefano Ceri and Fulvio Ciapessoni and Carlo Conserva and Piero Fraternali and Giovanni Toffetti},
  booktitle = {Proceedings of 4th International Conference on Web Engineering ({ICWE} 2004)},
  year = {2004},
  pages = {137--157},
  address = {Munich},
  pages={613--614},
  year={2004},
  publisher={Springer}
}


@article{larman2003iai,
  title={{Iterative and Incremental Development: A Brief History}},
  author={Larman, C. and Basili, V.R.},
  journal={Computer},
  pages={47--56},
  year={2003},
  publisher={IEEE Computer Society}
}

@INPROCEEDINGS{Kiczales97aspect-orientedprogramming,
    author = {Gregor Kiczales and John Lamping and Anurag Mendhekar and Chris Maeda and Cristina Lopes and Jean-marc Loingtier and John Irwin},
    title = {Aspect-oriented programming},
    booktitle = {Proceedings·of·the·European·Conference·on·Object-Oriented·Programming},
    year = {1997},
    pages = {220--242},
    publisher = {Springer-Verlag}
}


@PhdThesis{bogdan03,
  author = {Cristian Bogdan},
  title = {IT Design for Amateur Communities},
  school = {Royal Institute of Technology (KTH), Stockholm},
  year = {2003},
  url = {http://urn.kb.se/resolve?urn=urn:nbn:se:kth:diva-3470},
  note = "\url{http://urn.kb.se/resolve?urn=urn:nbn:se:kth:diva-3470}",
}

@inproceedings{blevis07,
  author = {Eli Blevis},
  title = {Sustainable interaction design: invention \& disposal, renewal \& reuse},
  booktitle = {CHI '07: Proceedings of the SIGCHI conference on Human factors in computing systems},
  year = {2007},
  isbn = {978-1-59593-593-9},
  pages = {503--512},
  location = {San Jose, California, USA},
  doi = {http://doi.acm.org/10.1145/1240624.1240705},
  publisher = {ACM},
  address = {New York, NY, USA},
}

% wenger98 Wenger, E. (1998): Communities of Practice. Learning, meaning and identity, Cambridge University Press
@book{wenger98,
  author={Etienne Wenger},
  title={Communities of Practice: Learning, Meaning, and Identity},
  year={1998},
  publisher={Cambridge University Press}
}

% lave_wenger91 Lave, J., Wenger, E., (1991) Situated Learning. Legitimate Peripheral Participation, Cambridge University Press
@book{lave_wenger91,
  author = {Jean Lave and Etienne Wenger},
  title = {Situated Learning: Legitimate Peripheral Participation},
  isbn = {0521423740},
  month = {September},
  publisher = {Cambridge University Press},
  url = {http://www.amazon.ca/exec/obidos/redirect?tag=citeulike09-20\&amp;path=ASIN/0521423740},
  year = {1991}
}

% bogdan_bowers07 Bogdan C., John Bowers, Tuning In: Challenging Design for Communities through a Field Study of Radio Amateurs. In Steinfeld, C., Pentland, B. T., Ackerman, M., Contractor, N., Proceedings of the Thrid Communities and Technologies Conference, Michigan State University, 2007, 439-461, Springer, June 2007 
@InProceedings{bogdan_bowers07,
  author = {Cristian Bogdan and John Bowers},
  title = {Tuning In: Challenging Design for Communities through a Field Study of Radio Amateurs},
  booktitle = {Proceedings of the 3rd Communities and Technologies Conference (C\&T 2007)},
  year = {2007},
  month = {June},
  address = {Michigan State University, MI, USA},
  pages = {439--461},
  publisher = {Springer},
  editors = {C. Steinfeld and B. T. Pentland and M. Ackerman and N. Contractor}
}

@InProceedings{bogdan_mayer09,
  author = {Cristian Bogdan and Rudolf Mayer},
  title = {Makumba: the Role of Technology or the Sustainability of Amateur Programming Practice and Community},
  booktitle = {Proceedings of the 4th Communities and Technologies Conference (C\&T 2009)},
  year = {2009},
  month = {June},
  address = {Penn State, USA},
  publisher = {ACM},
}

% greenbaum_kyng91 Greenbaum, J., Kyng, M. (eds) (1991): Design at work: Cooperative Design of computer systems, Lawrence Erlbaum
%http://portal.acm.org/citation.cfm?id=125441&dl=GUIDE&coll=GUIDE&CFID=16303740&CFTOKEN=83338736
@book{greenbaum_kyng91,
  author = {Joan Greenbaum and Morten Kyng},
  title = {Design at work: cooperative design of computer systems},
  address = {Hillsdale, NJ, USA},
  publisher = {Lawrence Erlbaum},
  year = {1991},
  month = {April},
  isbn = {0-8058-0611-3},
  ibid = {281-3742},
}

% schon83 Sch�n, D. The Reflective Practitioner: How Professionals Think in Action, Basic Books, New York, 1983. 
@book{schon83,
  author = {Donald A. Schon},
  title = {The Reflective Practitioner: How Professionals Think in Action},
  publisher = {Basic Books},
  year = {1983},
  address = {New York},
}

%pargman00 Pargman, D., Code begets community. On social and technical aspects of manag- ing a virtual community. Link�ping University. 2000 
@PhdThesis{pargman00,
  author = {Daniel Pargman},
  title = {Code begets community. On social and technical aspects of managing a virtual community},
  school = {Link\"oping University},
  year = {2000},
}

%pargman05 Pargman, D., Virtual Community Management as Socialization and Learning, in Communities and Technologies, Springer 2005 
@InProceedings{pargman05,
	author = {Daniel Pargman},
	title = {Virtual Community Management as Socialization and Learning},
	doi = {http://dx.doi.org/10.1007/1-4020-3591-8\_6},
	booktitle = {Proceedings of the 2nd Communities and Technologies Conference  (C\&T 2005)},
	pages = {95--110},
	priority = {2},
	address = {Milano, Italy},
	year = {2005},
}

%goodwin94 Goodwin, M. (1994): Nine Principles for Making Virtual Communities Work, Wired 2.06, June 1994
@Article{goodwin94,
  author = {M Goodwin},
  title = {Nine Principles for Making Virtual Communities Work},
  journal = {Wired 2.06},
  year = {1994},
  month = {June},
  pages = {72--73},
}

%kensing98 Kensing, F., Simonsen, J., B�dker, K. (1998): Participatory design at a radio station, Computer Supported Cooperative Work 7 (3-4), 243-271
@article{kensing98,
  author = {Finn Kensing and Jesper Simonsen and Keld B\"odker},
  title = {Participatory Design at a Radio Station},
  journal = {Computer Supported Cooperative Work},
  volume = {7},
  number = {3-4},
  year = {1998},
  issn = {0925-9724},
  pages = {243--271},
  publisher = {Kluwer Academic Publishers},
  address = {Norwell, MA, USA},
}

%clement93 Clement, A., Van den Bresselaar, P. (1993): A retrospective look at PD projects, in Muller, M.J., Kuhn, S. (eds), Communications of the ACM Special issue on Participatory Design, vol. 36, no. 4, 29-37
@article{clement93,
 author = {Andrew Clement and Peter Van den Besselaar},
 title = {A retrospective look at PD projects},
 journal = {Communications of the ACM Special issue on Participatory Design},
 volume = {36},
 number = {4},
 year = {1993},
 issn = {0001-0782},
 pages = {29--37},
 doi = {http://doi.acm.org/10.1145/153571.163264},
 publisher = {ACM},
 address = {New York, NY, USA},
}

@book{stebbins79,
  author = {Robert A. Stebbins},
  title = {Amateurs. On the Margin Between Work and Leisure},
  publisher = {Sage Publications},
  year = {1979},
}
%Fine, G.A. (1998) Morel Tales. The Culture of Mushrooming, Harvard University Press
@book{fine98,
  author = {Garry Alan Fine},
  title = {Morel Tales. The Culture of Mushrooming},
  publisher = {Harvard University Press},
  year = {1998},
}

% Csickszentmihalyi, M. (1990): Flow: The Psychology of Optimal Experience, Harper-Perennial
@book{csik90,
  author = {Mihalyi Csikszentmihalyi},
  title = {Flow: The Psychology of Optimal Experience},
  publisher={Harper and Row},
  address={New York},
  year = {1990},
}

%Levy, Steven, Hackers: Heroes of the Computer Revolution, New York: Penguin  Books, 1994 
@book{levy94,
  author = {Steven Levy},
  title = {Hackers: Heroes of the Computer Revolution},
  publisher={Penguin  Books},
  address={New York},
  year = {1994},
}

% Kollock, P., The Economies of Online Cooperation, in Smith, M., Kollock, P. (eds), Communities in Cyberspace, London: Routledge, 1999 
  @incollection {kollock99,
    author =    {Peter Kollock},
    title =	{The Economies of Online Cooperation},
    booktitle = {Communities in Cyberspace},
    publisher = {Routledge},
   address={London},
    editor =    {Mark Smith and Peter Kollock},
    year = 	{1999},
   }



% Yamauchi, Y., Yokozawa M., Shinohara, T., Ishida, T. (2000): Collaboration with Lean Media. How Open Source Software Succeeds, in Proceedings of CSCW 2000, ACM Press
@inproceedings{yamauchi00,
 author = {Yutaka Yamauchi and Makoto Yokozawa and Takeshi Shinohara and Toru Ishida},
 title = {Collaboration with Lean Media: how open-source software succeeds},
 booktitle = {CSCW '00: Proceedings of the 2000 ACM conference on Computer supported cooperative work},
 year = {2000},
 isbn = {1-58113-222-0},
 pages = {329--338},
 location = {Philadelphia, Pennsylvania, United States},
 doi = {http://doi.acm.org/10.1145/358916.359004},
 publisher = {ACM},
 address = {New York, NY, USA},
 }
 
% vanGennep60 van Gennep, Arnold. The rites of passage. London: Routledge & Kegan Paul, 1909/1960
@book{vanGennep60,
  author = {Arnold van Gennep},
  title = {The rites of passage},
  publisher={Routledge \& Kegan Paul},
  address={London},
  year = {1909/1960},
}

 

% TALKING ABOUT MACHINES: An Ethnography of a Modern Job by Julian E. Orr Cornell University Press, 1996
@book{orr96,
  author = {Julian E. Orr},
  title = {Talking about machines: An Ethnography of a Modern Job},
  publisher={Cornell University Press},
  address={},
  year = {1996},
}

%Trigg, R., H. (2000): From Sandbox to “Fundbox”: Weaving participatory design into the fabric of a busy non-profit, in Proceedings of PDC 2000, Computer Professionals for Social Responsibility, New York, USA, 174-183
@inproceedings{trigg00,
  author = {R. H. Trigg},
  title= {From Sandbox to “Fundbox”: Weaving participatory design into the fabric of a busy non-profit},
  booktitle = {Proceedings of the Conference on Participatory Design},
  _publisher = {ACM, New York, NY, USA},
  publisher = {Computer Professionals for Social Responsibility, New York, USA},
  address = {Palo Alto, CA, USA},
  year = {2000},
  pages = {174--183},
}