@PhdThesis{bogdan03,
  author = {Cristian Bogdan},
  title = {IT Design for Amateur Communities},
  school = {Royal Institute of Technology (KTH), Stockholm},
  year = {2003},
}
@inproceedings{blevis07,
 author = {Eli Blevis},
 title = {Sustainable interaction design: invention \& disposal, renewal \& reuse},
 booktitle = {CHI '07: Proceedings of the SIGCHI conference on Human factors in computing systems},
 year = {2007},
 isbn = {978-1-59593-593-9},
 pages = {503--512},
 location = {San Jose, California, USA},
 doi = {http://doi.acm.org/10.1145/1240624.1240705},
 publisher = {ACM},
 address = {New York, NY, USA},
 }

% lave_wenger91 Lave, J., Wenger, E., (1991) Situated Learning. Legitimate Peripheral Participation, Cambridge University Press

% wenger98 Wenger, E. (1998): Communities of Practice. Learning, meaning and identity, Cambridge University Press

% bogdan_bowers07 Bogdan C., John Bowers, Tuning In: Challenging Design for Communities through a Field Study of Radio Amateurs. In Steinfeld, C., Pentland, B. T., Ackerman, M., Contractor, N., Proceedings of the Thrid Communities and Technologies Conference, Michigan State University, 2007, 439-461, Springer, June 2007 

% schon83 Schšn, D. The Reflective Practitioner: How Professionals Think in Action, Basic Books, New York, 1983. 

% greenbaum_kyng91 Greenbaum, J., Kyng, M. (eds) (1991): Design at work: Cooperative Design of computer systems, Lawrence Erlbaum

%pargman00 Pargman, D., Code begets community. On social and technical aspects of manag- ing a virtual community. Linkšping University. 2000 

%pargman05 Pargman, D., Virtual Community Management as Socialization and Learning, in Communities and Technologies, Springer 2005 

%goodwin94 Goodwin, M. (1994): Nine Principles for Making Virtual Communities Work, Wired 2.06, June 1994

%kensing98 Kensing, F., Simonsen, J., B¿dker, K. (1998): Participatory design at a radio station, Computer Supported Cooperative Work 7 (3-4), 243-271

%clement93 Clement, A., Van den Bresselaar, P. (1993): A retrospective look at PD projects, in Muller, M.J., Kuhn, S. (eds), Communications of the ACM Special issue on Participatory Design, vol. 36, no. 4, 29-37