@PhdThesis{bogdan03,
  author = {Cristian Bogdan},
  title = {IT Design for Amateur Communities},
  school = {Kungliga Tekniska H\"ogskolan (KTH), Stockholm},
  year = {2003},
}
